@book{hutton,
    title = {Programming in Haskell},
    author = {Graham Hutton},
    isbn = {9780198520115},
    series = {International series of monographs on physics},
    year = {1981},
    publisher = {Clarendon Press},
    keywords = {programming}
}